@article{
year={2011},
issn={0178-8051},
journal={Probability Theory and Related Fields},
volume={151},
number={1-2},
doi={10.1007/s00440-010-0292-9},
title={Polymorphic evolution sequence and evolutionary branching},
url={http://dx.doi.org/10.1007/s00440-010-0292-9},
publisher={Springer-Verlag},
keywords={Mutation-selection individual-based model; Fitness of invasion; Adaptive dynamics; Polymorphic evolution sequence; Competitive Lotka–Volterra system; Evolutionary branching; 92D25; 60J80; 37N25; 92D15; 60J75},
author={Champagnat, Nicolas and Méléard, Sylvie},
pages={45-94},
language={English}
}
